@article{smith2020numerical,
  title={Numerical Methods for Data Analysis},
  author={Smith, John and Doe, Jane},
  journal={Journal of Numerical Analysis},
  volume={45},
  number={3},
  pages={123-145},
  year={2020},
  publisher={Springer}
}

@book{johnson2018introduction,
  title={Introduction to Numerical Analysis},
  author={Johnson, Emily},
  year={2018},
  publisher={Academic Press}
}

@conference{lee2019comparison,
  title={A Comparison of Interpolation Methods},
  author={Lee, Michael and Kim, Sarah},
  booktitle={Proceedings of the International Conference on Numerical Methods},
  pages={67-72},
  year={2019}
}

@article{brown2021polynomial,
  title={Polynomial Regression Techniques in Data Fitting},
  author={Brown, Chris},
  journal={Applied Mathematics and Computation},
  volume={350},
  pages={456-470},
  year={2021},
  publisher={Elsevier}
}

@article{garcia2022newton,
  title={Newton's Methods in Numerical Analysis},
  author={Garcia, Maria and Patel, Raj},
  journal={Numerical Algorithms},
  volume={89},
  number={2},
  pages={345-367},
  year={2022},
  publisher={Springer}
}