@article{hansen2010global,
  title={Global surface temperature change},
  author={Hansen, James and Ruedy, Reto and Sato, Makiko and Lo, Ken},
  journal={Reviews of Geophysics},
  volume={48},
  number={4},
  year={2010},
  publisher={Wiley Online Library}
}

@book{atkinson1989introduction,
  title={An Introduction to Numerical Analysis},
  author={Atkinson, Kendall E},
  year={1989},
  publisher={John Wiley \& Sons}
}

@article{press2007numerical,
  title={Numerical Recipes 3rd Edition: The Art of Scientific Computing},
  author={Press, William H and Teukolsky, Saul A and Vetterling, William T and Flannery, Brian P},
  year={2007},
  publisher={Cambridge University Press}
}

@misc{gistemp,
  author = {{NASA Goddard Institute for Space Studies}},
  title = {GISS Surface Temperature Analysis (GISTEMP v4)},
  year = {2024},
  note = {\url{https://data.giss.nasa.gov/gistemp/}}
}

@book{burden2011numerical,
  title={Numerical Analysis},
  author={Burden, Richard L. and Faires, J. Douglas},
  edition={9th},
  year={2011},
  publisher={Brooks/Cole}
}
